@online{aaa,
    title   = {---},
    url     = {https://www.ibm.com/topics/blockchain},
}


@article{bbb,
    author = "---",
    title = "---",
    year = "0",
    url = "https://cardano.org/"
}
